<record><leader>00000cas a22000007a 4500</leader><controlfield tag="001">10470778</controlfield><controlfield tag="008">840229d19051910akudr ne      0   a0eng d</controlfield><datafield ind1=" " ind2=" " tag="010"><subfield code="a">sn 84025758 </subfield></datafield><datafield ind1=" " ind2=" " tag="040"><subfield code="a">NPV</subfield><subfield code="b">eng</subfield><subfield code="c">NPV</subfield><subfield code="d">DLC</subfield><subfield code="d">YOX</subfield><subfield code="d">DLC</subfield><subfield code="d">OCLCQ</subfield><subfield code="d">OCLCF</subfield><subfield code="d">OCLCO</subfield></datafield><datafield ind1=" " ind2=" " tag="042"><subfield code="a">msc</subfield></datafield><datafield ind1=" " ind2=" " tag="043"><subfield code="a">n-us-ak</subfield></datafield><datafield ind1="0" ind2="0" tag="050"><subfield code="a">Newspaper 7043-X</subfield></datafield><datafield ind1="0" ind2="4" tag="245"><subfield code="a">The Nome daily gold digger.</subfield></datafield><datafield ind1="1" ind2="3" tag="246"><subfield code="a">Daily gold digger</subfield></datafield><datafield ind1=" " ind2=" " tag="260"><subfield code="a">Nome, Alaska :</subfield><subfield code="b">S.H. Stevens,</subfield><subfield code="c">1905-1910.</subfield></datafield><datafield ind1=" " ind2=" " tag="300"><subfield code="a">6 v. :</subfield><subfield code="b">ill.</subfield></datafield><datafield ind1=" " ind2=" " tag="310"><subfield code="a">Daily</subfield></datafield><datafield ind1="0" ind2=" " tag="362"><subfield code="a">Vol. 1, no. 1 (July 22, 1905)-v. 6, no. 13 (July 27, 1910).</subfield></datafield><datafield ind1=" " ind2=" " tag="500"><subfield code="a">"Republican." Cf. Ayer, 1910.</subfield></datafield><datafield ind1=" " ind2="0" tag="651"><subfield code="a">Nome (Alaska)</subfield><subfield code="v">Newspapers.</subfield></datafield><datafield ind1=" " ind2="7" tag="655"><subfield code="a">Newspapers.</subfield><subfield code="2">fast</subfield><subfield code="0">(OCoLC)fst01423814</subfield></datafield><datafield ind1=" " ind2="7" tag="651"><subfield code="a">Alaska</subfield><subfield code="z">Nome.</subfield><subfield code="2">fast</subfield><subfield code="0">(OCoLC)fst01217568</subfield></datafield><datafield ind1=" " ind2=" " tag="752"><subfield code="a">United States</subfield><subfield code="b">Alaska</subfield><subfield code="c">Nome</subfield><subfield code="d">Nome.</subfield></datafield><datafield ind1="0" ind2="0" tag="780"><subfield code="t">Nome gold digger</subfield><subfield code="w">(DLC)sn 82015756</subfield></datafield></record>